@online{thebluealliance,
  Author = {The Blue Alliance},
  Title = {The Blue Alliance API v3},
  note = {\url{https://www.thebluealliance.com/apidocs/v3}},
  year = 2018,
}
@online{firststronghold,
  Author = {FIRSTRoboticsCompetition},
  Title = {FIRST STRONGHOLD Game Reveal},
  note = {\url{https://www.youtube.com/watch?v=VqOKzoHJDjA}},
  year = 2016,
}
@article{statspaper,
  Title = "An Overview and Analysis of Statistics used to Rate FIRST Robotics Teams",
  Author = "William Gardner",
  year = 2015,
  note = {\url{https://www.chiefdelphi.com/forums/attachment.php?attachmentid=19081&d=1433595051}},
}